
@article {eberle2016,
	author = {Eberle, Michael A and Fritzilas, Epameinondas and Krusche, Peter and K{\"a}llberg, Morten and Moore, Benjamin L and Bekritsky, Mitchell A and Iqbal, Zamin and Chuang, Han-Yu and Humphray, Sean J and Halpert, Aaron L and Kruglyak, Semyon and Margulies, Elliott H and McVean, Gil and Bentley, David R},
	title = {A reference dataset of 5.4 million human variants validated by genetic inheritance from sequencing a three-generation 17-member pedigree},
	year = {2016},
	doi = {10.1101/055541},
	publisher = {Cold Spring Harbor Labs Journals},
	URL = {http://biorxiv.org/content/early/2016/05/26/055541},
	eprint = {http://biorxiv.org/content/early/2016/05/26/055541.full.pdf},
	journal = {bioRxiv}
}

% 11504945 
@Article{pevzner2001,
   Author="Pevzner, P. A.  and Tang, H.  and Waterman, M. S. ",
   Title="{{A}n {E}ulerian path approach to {D}{N}{A} fragment assembly}",
   Journal="Proc. Natl. Acad. Sci. U.S.A.",
   Year="2001",
   Volume="98",
   Number="17",
   Pages="9748--9753",
   Month="Aug"
}

